<?xml version = "1.0" encoding = "UTF-8"?><record>
    <leader>00000nmm#a2200000#cb4500</leader>
    <controlfield tag="003">DE-605</controlfield>
    <controlfield tag="005">20190919105500.0</controlfield>
    <controlfield tag="007">cr#|||||||||||</controlfield>
    <controlfield tag="008">190524|2019####au######om#|########ger#c</controlfield>
    <controlfield tag="009">HT020068253</controlfield>
    <controlfield tag="001">990228768410206441</controlfield>
    <datafield tag="035" ind1=" " ind2=" ">
      <subfield code="a">HT020068253</subfield>
    </datafield>
    <datafield tag="035" ind1=" " ind2=" ">
      <subfield code="a">(DE-605)HT020068253</subfield>
    </datafield>
    <datafield tag="035" ind1=" " ind2=" ">
      <subfield code="a">(ALEPHCCHBZ)022876841HBZ01</subfield>
    </datafield>
    <datafield tag="020" ind1=" " ind2=" ">
      <subfield code="a">9783412513962</subfield>
      <subfield code="c">eBook</subfield>
    </datafield>
    <datafield tag="024" ind1="7" ind2=" ">
      <subfield code="a">10.7788/9783412513962</subfield>
      <subfield code="2">doi</subfield>
    </datafield>
    <datafield tag="035" ind1=" " ind2=" ">
      <subfield code="a">(DE-599)HBZHT020068253</subfield>
    </datafield>
    <datafield tag="040" ind1=" " ind2=" ">
      <subfield code="a">6</subfield>
      <subfield code="b">ger</subfield>
      <subfield code="d">6</subfield>
      <subfield code="e">rda</subfield>
    </datafield>
    <datafield tag="041" ind1=" " ind2=" ">
      <subfield code="a">ger</subfield>
    </datafield>
    <datafield tag="044" ind1=" " ind2=" ">
      <subfield code="c">XA-AT</subfield>
    </datafield>
    <datafield tag="100" ind1="1" ind2=" ">
      <subfield code="a">Windisch, Laura</subfield>
      <subfield code="0">(DE-588)142925748</subfield>
      <subfield code="4">aut</subfield>
    </datafield>
    <datafield tag="245" ind1="1" ind2="0">
      <subfield code="a">Kunst. Macht. Image</subfield>
      <subfield code="b">Anna Maria Luisa de&apos; Medici (1667-1743) im Spiegel ihrer Bildnisse und Herrschaftsr&#228;ume</subfield>
      <subfield code="c">Laura Windisch</subfield>
    </datafield>
    <datafield tag="264" ind1=" " ind2="1">
      <subfield code="a">Wien</subfield>
      <subfield code="a">K&#246;ln</subfield>
      <subfield code="a">Weimar</subfield>
      <subfield code="b">B&#246;hlau Verlag</subfield>
      <subfield code="c">[2019]</subfield>
    </datafield>
    <datafield tag="300" ind1=" " ind2=" ">
      <subfield code="a">1 Online-Ressource (331 Seiten)</subfield>
      <subfield code="b">Illustrationen</subfield>
    </datafield>
    <datafield tag="336" ind1=" " ind2=" ">
      <subfield code="b">txt</subfield>
    </datafield>
    <datafield tag="337" ind1=" " ind2=" ">
      <subfield code="b">c</subfield>
    </datafield>
    <datafield tag="338" ind1=" " ind2=" ">
      <subfield code="b">cr</subfield>
    </datafield>
    <datafield tag="490" ind1="1" ind2=" ">
      <subfield code="a">Studien zur Kunst</subfield>
      <subfield code="v">41</subfield>
    </datafield>
    <datafield tag="502" ind1=" " ind2=" ">
      <subfield code="b">Dissertation</subfield>
      <subfield code="c">Universit&#228;t Bern</subfield>
      <subfield code="d">2016</subfield>
    </datafield>
    <datafield tag="653" ind1=" " ind2=" ">
      <subfield code="a">MEDICI: Herrschaft der Medici</subfield>
    </datafield>
    <datafield tag="653" ind1=" " ind2=" ">
      <subfield code="a">RENAISSANCE: Renaissance</subfield>
    </datafield>
    <datafield tag="653" ind1=" " ind2=" ">
      <subfield code="a">KUNSTPATRONAGE: Kunstpatronage</subfield>
    </datafield>
    <datafield tag="655" ind1=" " ind2="7">
      <subfield code="a">Hochschulschrift</subfield>
      <subfield code="0">(DE-588)4113937-9</subfield>
      <subfield code="2">gnd-content</subfield>
    </datafield>
    <datafield tag="689" ind1="0" ind2="0">
      <subfield code="a">Anna Maria Luisa</subfield>
      <subfield code="c">Toskana, Gro&#223;herzogin</subfield>
      <subfield code="d">1667-1743</subfield>
      <subfield code="D">p</subfield>
      <subfield code="0">(DE-588)118846787</subfield>
    </datafield>
    <datafield tag="689" ind1="0" ind2="1">
      <subfield code="a">H&#246;fische Kunst</subfield>
      <subfield code="D">s</subfield>
      <subfield code="0">(DE-588)4160343-6</subfield>
    </datafield>
    <datafield tag="689" ind1="0" ind2="2">
      <subfield code="a">M&#228;zenatentum</subfield>
      <subfield code="D">s</subfield>
      <subfield code="0">(DE-588)4074442-5</subfield>
    </datafield>
    <datafield tag="710" ind1="2" ind2=" ">
      <subfield code="a">B&#246;hlau-Verlag</subfield>
      <subfield code="g">K&#246;ln</subfield>
      <subfield code="0">(DE-588)2005806-8</subfield>
      <subfield code="4">pbl</subfield>
    </datafield>
    <datafield tag="751" ind1=" " ind2=" ">
      <subfield code="a">Bern</subfield>
      <subfield code="0">(DE-588)4005762-8</subfield>
      <subfield code="4">uvp</subfield>
    </datafield>
    <datafield tag="776" ind1="0" ind2="8">
      <subfield code="i">Erscheint auch als</subfield>
      <subfield code="n">Druck-Ausgabe</subfield>
      <subfield code="z">978-3-412-51178-4</subfield>
      <subfield code="9">F:776</subfield>
      <subfield code="0">(uri) http://www.isbnsearch.org/isbn/978-3-412-51178-4</subfield>
    </datafield>
    <datafield tag="830" ind1=" " ind2="0">
      <subfield code="a">Studien zur Kunst</subfield>
      <subfield code="w">(DE-605)HT019508297</subfield>
      <subfield code="v">41</subfield>
      <subfield code="9">O:1</subfield>
    </datafield>
    <datafield tag="856" ind1="4" ind2="0">
      <subfield code="u">https://doi.org/10.7788/9783412513962</subfield>
      <subfield code="x">Resolving-System</subfield>
      <subfield code="3">Volltext</subfield>
    </datafield>
    <datafield tag="856" ind1="4" ind2="0">
      <subfield code="u">https://www.vr-elibrary.de/isbn/9783412511784</subfield>
      <subfield code="x">Verlag</subfield>
      <subfield code="3">Volltext</subfield>
    </datafield>
    <datafield tag="912" ind1=" " ind2=" ">
      <subfield code="a">ZDB-117-VRE</subfield>
    </datafield>
    <datafield tag="960" ind1="1" ind2=" ">
      <subfield code="i">iall</subfield>
    </datafield>
    <datafield tag="964" ind1="0" ind2="s">
      <subfield code="F">030</subfield>
      <subfield code="A">a||ur||||||17</subfield>
    </datafield>
    <datafield tag="964" ind1="0" ind2="s">
      <subfield code="F">050</subfield>
      <subfield code="A">||||||||g|||||</subfield>
    </datafield>
    <datafield tag="964" ind1="0" ind2="s">
      <subfield code="F">051</subfield>
      <subfield code="A">sy||||||</subfield>
    </datafield>
    <datafield tag="MBD" ind1=" " ind2=" ">
      <subfield code="M">49HBZ_NETWORK</subfield>
      <subfield code="i">990228768410206441</subfield>
      <subfield code="n">HBZ Network</subfield>
    </datafield>
    <datafield tag="MBD" ind1=" " ind2=" ">
      <subfield code="M">49HBZ_BIE</subfield>
      <subfield code="i">991002568589706442</subfield>
      <subfield code="n">Universit&#228;t Bielefeld</subfield>
    </datafield>
    <datafield tag="776" ind1="0" ind2="8">
      <subfield code="i">Erscheint auch als</subfield>
      <subfield code="n">Druck-Ausgabe</subfield>
      <subfield code="z">978-3-412-51178-4</subfield>
      <subfield code="9">F:776</subfield>
      <subfield code="M">49HBZ_BIE</subfield>
    </datafield>
    <datafield tag="830" ind1=" " ind2="0">
      <subfield code="a">Studien zur Kunst</subfield>
      <subfield code="w">(DE-605)HT019508297</subfield>
      <subfield code="v">41</subfield>
      <subfield code="9">O:1</subfield>
      <subfield code="M">49HBZ_BIE</subfield>
    </datafield>
    <datafield tag="980" ind1="1" ind2=" ">
      <subfield code="9">LOCAL</subfield>
      <subfield code="b">FBBEBS14</subfield>
      <subfield code="e">HBZ</subfield>
      <subfield code="M">49HBZ_BIE</subfield>
    </datafield>
    <datafield tag="981" ind1=" " ind2=" ">
      <subfield code="9">LOCAL</subfield>
      <subfield code="a">(DE-361)2639704</subfield>
      <subfield code="M">49HBZ_BIE</subfield>
    </datafield>
    <datafield tag="983" ind1=" " ind2=" ">
      <subfield code="9">LOCAL</subfield>
      <subfield code="b">FA088.89</subfield>
      <subfield code="M">49HBZ_BIE</subfield>
    </datafield>
    <datafield tag="997" ind1=" " ind2=" ">
      <subfield code="9">LOCAL</subfield>
      <subfield code="a">20200615</subfield>
      <subfield code="M">49HBZ_BIE</subfield>
    </datafield>
    <datafield tag="998" ind1="4" ind2=" ">
      <subfield code="9">LOCAL</subfield>
      <subfield code="u">https://doi.org/10.7767/9783205211860</subfield>
      <subfield code="M">49HBZ_BIE</subfield>
    </datafield>
    <datafield tag="MNG" ind1=" " ind2=" ">
      <subfield code="f">ILS</subfield>
      <subfield code="i">marc21</subfield>
      <subfield code="k">01</subfield>
      <subfield code="e">false</subfield>
      <subfield code="g">022876841-HBZ01</subfield>
      <subfield code="j">60</subfield>
      <subfield code="a">import</subfield>
      <subfield code="b">2020-07-17 01:31:22 Europe/Berlin</subfield>
    </datafield>
    <datafield tag="POR" ind1=" " ind2=" ">
      <subfield code="x">System</subfield>
      <subfield code="a">5377631010006442</subfield>
      <subfield code="M">49HBZ_BIE</subfield>
      <subfield code="c">static</subfield>
      <subfield code="y">2020-07-23 13:27:21 Europe/Berlin</subfield>
      <subfield code="w">2020-07-23 13:27:17 Europe/Berlin</subfield>
      <subfield code="D">https://eu04.alma.exlibrisgroup.com/view/uresolver/49HBZ_NETWORK/openurl?u.ignore_date_coverage=true&amp;portfolio_pid=5377631010006442&amp;Force_direct=true</subfield>
      <subfield code="v">P2E_JOB</subfield>
      <subfield code="z">2020-07-23 11:27:17</subfield>
      <subfield code="i">false</subfield>
      <subfield code="t">UBKST-24399</subfield>
      <subfield code="S">5277631020006442</subfield>
      <subfield code="d">e?u.ignore_date_coverage=true&amp;rft.mms_id=991002568589706442</subfield>
      <subfield code="b">Available</subfield>
      <subfield code="f">BOOK</subfield>
      <subfield code="8">5377631010006442</subfield>
    </datafield>
  </record>